2430 3848
496 97 717 164 ..53-

122 265 271 320 hereditas
294 264 333 318 ad
354 279 415 320 eum
437 265 582 336 pertineat
604 268 714 319 tanturn
735 265 800 319 iare
822 264 906 330 civiti,
929 265 985 319 sive
1001 261 1089 319 bono·

120 365 181 404 rum
202 351 349 420 possessio
374 361 496 420 quoque.

208 432 238 489 9.
281 428 454 505 Papinianus.
498 430 574 488 Filia
600 434 630 486 in
657 447 737 487 eausa
766 362 990 508 (eonf)erendae
1017 433 1090 490 dotis

123 524 243 590 accepta
271 514 406 573 bonorum
434 516 609 589 possessione
637 522 734 570 eontra
760 514 864 571 tabulas
893 524 940 572 aut
967 518 1089 574 intestati

123 603 216 659 dotem
236 598 380 672 fratribus
404 591 560 677 (eon)ierre
582 615 641 656 non
660 600 779 673 cogitur.

210 842 261 901 10.
296 837 347 919 [In
369 844 551 914 adoptionem
572 843 659 899 datas
680 844 759 914 filins
779 843 866 901 heres
885 846 1045 916 institutus,
1065 847 1091 900 si

124 929 254 986 condicio
269 930 454 985 institutionis
468 930 624 998 extitisset,
647 931 794 986 eornmisse
807 944 862 1001 per
882 929 970 984 alium
986 930 1088 993 edicto,

124 1014 244 1070 eandem
259 1006 358 1088 qaam]
383 1014 585 1083 emancipatas
598 1012 735 1068 bonorum
749 1014 952 1085 possessiouem
967 1012 1089 1085 haberet,

123 1097 240 1169 ideoque
271 1097 372 1153 tiberis
399 1102 427 1152 et
458 1093 622 1168 parentibus
654 1097 743 1169 primo
770 1095 833 1154 loco
865 1100 962 1172 iepata
991 1096 1091 1154 relicta

122 1188 289 1255 praestaret,
325 1196 394 1252 quae
421 1196 477 1236 nou
504 1180 668 1253 praestabit,
697 1183 724 1236 si
751 1180 878 1238 eondicio
907 1181 1089 1238 institutionis

123 1262 245 1336 defecit.-
268 1272 295 1321 et
317 1271 386 1321 tane
409 1267 460 1338 pai
478 1265 667 1321 hereditatem
689 1263 830 1337 adierunt,
860 1264 956 1321 tabulis
978 1281 1090 1339 quoque

123 1364 179 1404 nou
201 1350 335 1422 sipnatis,
363 1355 498 1413 tuentur;
525 1348 649 1405 defertur
677 1349 747 1404 enim
774 1364 808 1405 ne
835 1354 1006 1423 nuncupatis
1027 1353 1089 1423 qni·

123 1433 186 1489 dem
208 1435 303 1498 aliter,
327 1440 355 1490 et
376 1434 515 1508 possessio
538 1434 597 1488 eius
619 1431 702 1489 valuit
724 1448 780 1490 nou
801 1436 889 1507 mapis
910 1452 996 1508 qaam
1011 1436 1089 1492 nale·

123 1523 178 1590 ret,
200 1518 223 1573 si
246 1517 350 1593 primus
373 1517 474 1591 gradus
497 1524 602 1588 raptus
623 1523 708 1573 esset.
719 1510 740 1588 ¹)

208 1600 259 1658 11.
294 1601 332 1659 In
354 1617 387 1660 eo
408 1602 517 1676 prada,
544 1618 563 1656 a
585 1617 641 1672 quo
663 1599 841 1658 exheredatus
867 1618 922 1658 uon
942 1602 1010 1674 tuit,
1038 1619 1088 1676 po-

121 1691 212 1743 stumo
235 1693 339 1743 eontra
362 1687 479 1743 taedas
500 1687 544 1742 ael
565 1687 800 1758 nuncupationem
822 1686 879 1760 peti
900 1697 982 1760 posse
1002 1685 1090 1743 hono·

122 1785 182 1825 rum
197 1772 399 1844 possessiouem
411 1772 534 1844 placuit·
553 1772 611 1842 lepi
632 1770 760 1826 Vellaeae
775 1771 846 1826 enim
862 1786 917 1827 non
933 1770 1089 1834 offenditur,

124 1869 188 1911 eam
210 1871 267 1911 non
289 1859 340 1927 sit,
368 1863 400 1912 at
422 1859 481 1911 eius
504 1853 625 1925 heredis,
655 1855 702 1928 qui
723 1853 811 1927 legem
837 1853 970 1927 excludit,
1001 1861 1088 1954 testa-

128 1939 276 1998 mentoria

211 2022 259 2080 12.
298 2025 349 2080 Ex
374 2026 433 2096 filio
458 2023 566 2080 herede
591 2022 670 2096 facto
698 2039 784 2097 nepos
812 2023 893 2080 alium
921 2029 1090 2081 extraneum

123 2121 244 2181 sequens
267 2106 431 2163 substitutus
454 2114 548 2163 eontra
572 2106 689 2164 tabulas
715 2108 853 2165 bonorum
876 2111 1089 2178 possessionem

124 2208 181 2249 non
204 2193 325 2266 aecipit,
356 2192 483 2265 quoniam
506 2187 560 2265 (e)i
585 2206 641 2247 nou
670 2192 798 2265 prodest,
828 2194 905 2265 qnod
926 2196 1023 2264 primo
1052 2193 1089 2249 ab

124 2293 177 2333 avo
201 2291 252 2332 suo
274 2276 439 2350 praeteritus
462 2283 520 2348 est,
549 2291 629 2350 quem
651 2281 743 2348 pater
761 2277 915 2348 praeeedit
940 2271 1006 2350 post
1028 2293 1089 2333 suc·

123 2376 275 2423 cessurum.

210 2443 258 2501 13.
296 2443 367 2501 Iure
390 2447 469 2502 etoile·
489 2447 578 2515 tueri,
603 2445 650 2518 qui
671 2461 726 2500 non
748 2445 807 2501 inre
822 2444 970 2502 honorario
985 2453 1087 2521 potest,

123 2534 155 2584 nt
177 2531 229 2600 qni
248 2533 339 2587 uxori
360 2531 404 2587 ael
425 2530 547 2608 uxorei
569 2526 740 2584 matrimonio
763 2530 902 2584 suaeessit.

210 2612 259 2669 14.
298 2613 366 2671 Cam
391 2616 427 2670 de
453 2617 518 2670 inre
546 2615 711 2670 testamenti
734 2613 908 2686 disputatur,
937 2614 983 2688 qui
1005 2622 1089 2689 negat

123 2712 229 2770 neque
237 2699 271 2755 ob
293 2699 323 2754 id
341 2699 463 2770 probat,
486 2704 536 2754 aut
559 2698 655 2753 sieut
647 2713 675 2753 ur
689 2704 772 2770 rupto
787 2701 951 2754 testamento
970 2700 1089 2772 probat,

122 2786 219 2837 tamea
247 2783 384 2840 bonorum
411 2783 617 2856 possessionem
638 2780 687 2837 sed
714 2789 809 2839 eontra
837 2781 941 2839 tabulas
969 2787 1088 2858 accipit,

123 2869 192 2938 qnia
216 2881 309 2925 eausa
331 2869 488 2925 liberorum
509 2857 761 2940 prae²)teritornm
787 2866 885 2922 melior
909 2866 1023 2924 videtur

211 2950 259 3009 15.
297 2945 343 3026 [L.
368 2957 396 3008 5.
419 2952 455 3008 D.
479 2953 514 3008 de
536 2953 593 3007 dot.
616 2951 713 3008 collat
738 2953 784 3017 37,
803 2945 846 3027 7].

214 3138 235 3206 ¹)
259 3139 292 3188 In
316 3139 433 3203 marpine
454 3139 558 3203 plessae
581 3137 648 3186 duee
667 3138 766 3200 partim
787 3136 886 3188 Graece
904 3139 1020 3202 scriptae
1039 3141 1091 3205 lepi

125 3228 175 3263 non
191 3216 342 3276 potnerunt.
426 3204 447 3273 ²)
467 3209 522 3257 Pro
541 3208 589 3257 doe
608 3223 684 3258 versu
703 3224 786 3259 naono
810 3211 837 3258 in
857 3211 910 3272 fine
929 3212 1024 3260 litteras
1042 3213 1090 3260 mi·

123 3285 193 3333 nutis
212 3283 329 3332 additum
347 3287 385 3330 est
403 3280 467 3343 ipiua
486 3277 633 3345 (vulpiani).

527 3452 687 3462 —--—
